@article{HL2019,
	Author = {Matthew Harding and Carlos Lamarche},
	Journal = {Journal of Econometrics},
	Number = {1},
	Pages = {61-82},
	Title = {\href{https://www.sciencedirect.com/science/article/abs/pii/S0304407618302355}{A panel quantile approach to attrition bias in Big Data: Evidence from a randomized experiment}},
	Volume = {211},
	Year = {2019}}

@article{CES2013,
	Author = {Jiawei Chen and Susanna Esteban and Matthew Shum},
	Journal = {American Economic Review},
	Number = {7},
	Pages = {2911-2934},
	Title = {\href{https://www.aeaweb.org/articles?id=10.1257/aer.103.7.2911}{When Do Secondary Markets Harm Firms?}},
	Volume = {103},
	Year = {2013}}

@article{Lee2018,
	Author = {Ying-Ying Lee},
	Journal = {Journal of Econometrics},
	Number = {2},
	Pages = {207-222},
	Title = {\href{https://www.sciencedirect.com/science/article/abs/pii/S0304407618302355}{Efficient propensity score regression estimators of multivalued treatment effects for the treated}},
	Volume = {204},
	Year = {2018}}

@article{DS2018,
	Author = {Yingying Dong and Shu Shen},
	Journal = {Review of Economics and Statistics},
	Number = {1},
	Pages = {78-85},
	Title = {\href{https://direct.mit.edu/rest/article-abstract/100/1/78/58427/Testing-for-Rank-Invariance-or-Similarity-in?redirectedFrom=PDF}{Testing for Rank Invariance or Similarity in Program Evaluation}},
	Volume = {100},
	Year = {2018}}